@ARTICLE{ARTICLE:1,
    AUTHOR="John Doe",
    TITLE="Title",
    JOURNAL="Journal",
    YEAR="2017",
}

@ARTICLE{PEOPLE,
    AUTHOR = {UN},
    TITLE = {Población},
    JOURNAL = {www.un.org},
    YEAR = {2023},
    URL = {https://www.un.org/es/global-issues/population},
}

@ARTICLE{AGUA,
    AUTHOR = {Marisa Arienza, Andrés E. Carsen Pittaluga, Miguel A. Gómez, Carlos Miguel Marschoff},
    TITLE = {AGUA},
    JOURNAL = {www.greencross.org.ar},
    URL = {https://www.greencross.org.ar/download/LibroAguaaimprirweb.pdf},
}

@ARTICLE{FAO,
    AUTHOR = {FAO},
    TITLE = {El estado de la seguridad alimentaria y la nutrición en el mundo 2022},
    JOURNAL = {fao.org},
    YEAR = {2022},
    URL = {https://openknowledge.fao.org/items/ec2794d0-7265-47d8-a9c1-439c7d836a50},
}

@article{alhwarin2020vertical,
  author = {Aditi Saha Roy, Saptashree Das, Debajyoti Saha and Subhajit Barat},
  title = {Vertical farming: A sustainable agriculture format of
the future},
  journal = {International Journal of Research in Agronomy},
  year = {2024},
  url = { https://doi.org/10.33545/2618060X.2024.v7.i4Sd.641}
}

@MISC{CLARIN,
    author = "{Clarín}",
    title = "Se desperdicia el 84 por ciento del agua para riego",
    year = "2024",
    url = "https://www.clarin.com/sociedad/desperdicia-84-ciento-agua-riego_0_rJ-xuMJZCtg.html"
}

@misc{SANTANDER,
  author = {Banco Santander},
  title = {Cultivos Verticales: Ventajas y Desventajas},
  year = {2023},
  url = {https://www.bancosantander.es/blog/pymes-negocios/cultivos-verticales-ventajas-desventajas#:~:text=Los%20cultivos%20verticales%20son%20una,del%20espacio%20y%20la%20luz.}
}

@misc{CULTIVOS:TIPOS,
  author = {Agroquivir},
  title = {Agricultura vertical: Cómo funciona y tipos},
  year = {2023},
  url = {https://agroquivir.com/agricultura-vertical-como-funciona-y-tipos/}
}

@MISC{NIDO:PRO,
    author = "{Agrointec}",
    title = "Nidopro - Sistema Hidropónico Inteligente de Cultivo Vertical",
    year = "2025",
    url = "https://www.agrointec.com/producto/nidopro-sistema-hidroponico-inteligente-cultivo-vertical/"
}

@MISC{XIAOMI,
    author = "{Techpunt}",
    title = "Xiaomi Mi Flower Care Plant Sensor",
    year = "2025",
    url = "https://www.techpunt.nl/en/xiaomi-mi-flower-care-plant-sensor.html"
}

@MISC{KONIX,
    author = "{Konyks}",
    title = "Hydro Kit",
    year = "2025",
    url = "https://konyks.com/es/producto/hydro-kit/"
}

@MISC{SMART:9,
    author = "{Click and Grow}",
    title = "The Smart Garden 9 Pro",
    year = "2025",
    url = "https://www.clickandgrow.com/products/the-smart-garden-9-pro"
}


@MISC{DEV:KIT,
    author = "{Espressif Systems}",
    title = "ESP32 DevKitC User Guide",
    year = "2025",
    url = "https://docs.espressif.com/projects/esp-dev-kits/en/latest/esp32/esp32-devkitc/user_guide.html#functional-description"
}

@MISC{PH:4502C,
    author = "{Think Robotics}",
    title = "PH4502C PH Meter",
    year = "2025",
    url = "https://thinkrobotics.com/products/ph4502c-ph-meter?srsltid=AfmBOopTC1VLNuFBrGYsfEB4faApwjy9sQJns4zOBfhpjvGGZz_iQRU1"
}

@MISC{TDS,
    author = "{Ichibot}",
    title = "TDS Meter V1 Module - Water Meter Filter Measuring Water Quality Sensor",
    year = "2025",
    url = "https://store.ichibot.id/product/tds-meter-v1-module-water-meter-filter-measuring-water-quality-sensor/"
}

@MISC{MOISTURE,
    author = "{ProBots}",
    title = "Soil Moisture Sensor Capacitive V1.2",
    year = "2025",
    url = "https://probots.co.in/soil-moisture-sensor-capacitive-v1-2.html"
}

@MISC{DS18B20,
    author = "{Analog Devices}",
    title = "DS18B20 Programmable Resolution 1-Wire Digital Thermometer Datasheet",
    year = "2025",
    url = "https://www.analog.com/media/en/technical-documentation/data-sheets/ds18b20.pdf"
}

@MISC{BH1750,
    author = "{Mouser Electronics}",
    title = "BH1750FVI Digital Light Sensor Datasheet",
    year = "2025",
    url = "https://www.mouser.com/datasheet/2/348/bh1750fvi-e-186247.pdf?srsltid=AfmBOorrJyGddy77cYJODidiGAIv0xVFPwBJiKPiwQfXF0zuK2BGv7UM"
}

@MISC{ESPIDF,
    author = "{Espressif Systems}",
    title = "ESP-IDF: Espressif IoT Development Framework",
    year = "2025",
    url = "https://www.espressif.com/en/products/sdks/esp-idf"
}

@MISC{FREERTOS,
    author = "{FreeRTOS}",
    title = "FreeRTOS: Real-Time Operating System",
    year = "2025",
    url = "https://www.freertos.org/"
}

@MISC{CEEDLING,
    author = "{Throw The Switch}",
    title = "Ceedling: A Build System and Test Framework for C",
    year = "2025",
    url = "https://www.throwtheswitch.org/ceedling"
}

@MISC{HTTP,
    author = "{Mozilla Developer Network (MDN)}",
    title = "Protocolo de Transferencia de Hipertexto (HTTP)",
    year = "2025",
    url = "https://developer.mozilla.org/es/docs/Web/HTTP"
}

@MISC{I2C,
    author = "{Wikipedia}",
    title = "I²C",
    year = "2025",
    url = "https://es.wikipedia.org/wiki/I%C2%B2C"
}

@MISC{1WIRE,
    author = "{Wikipedia}",
    title = "1-Wire",
    year = "2025",
    url = "https://es.wikipedia.org/wiki/1-Wire"
}

@MISC{reactnative,
    author = "{React Native}",
    title = "React Native: Learn Once, Write Anywhere",
    year = "2025",
    url = "https://reactnative.dev/"
}

@BOOK{BOOK:1,
    AUTHOR="John Doe",
    TITLE="The Book without Title",
    PUBLISHER="Dummy Publisher",
    YEAR="2100",
}

@INBOOK{BOOK:2,
    AUTHOR="John Doe",
    TITLE="The Book without Title",
    PUBLISHER="Dummy Publisher",
    YEAR="2100",
    PAGES="100-200",
}

@MISC{WEBSITE:1,
	HOWPUBLISHED = "\url{http://example.com}",
	AUTHOR = "Intel",
	TITLE = "Example Website",
	MONTH = "12",
	YEAR = "1988",
	URLDATE = {2012-11-26}
}

@MANUAL{dallas:ds18b20,
    organization  = "Dallas Semiconductor",
    title         = "DS18B20 Programmable Resolution 1-Wire Digital Thermometer",
    number        = "050400",
    year          =  2015,
    note          = "Rev. 3"
}

@book{teton2003,
	title={Gu{\'\i}a t{\'e}cnica de la acuariofilia},
	author={Teton, J.},
	isbn={9788489840249},
	series={Gu{\'\i}as t{\'e}cnicas},
	url={https://books.google.com.ar/books?id=6vrjovWkQicC},
	year={2003},
	publisher={Tursen S.A. - H. Blume}
}

@book{IEEE:citation,
	author={IEEE},
	title={IEEE Citation Reference},
	edition={1},
	url={http://www.ieee.org/documents/ieeecitationref.pdf},
	urldate={2016-9-26},
	publisher={IEEE Publications},
	year={2016}
}

@misc{CIAA,
	author = {{Proyecto CIAA}},
	title = {Computadora Industrial Abierta Argentina},
	url = {http://proyecto-ciaa.com.ar/devwiki/doku.php?id=start},
	note = {Visitado el 2016-06-25},
	year = {2014}
}

@MISC{lpcopen,
   author =	{{NXP Semiconductors}},
   title =	{LPCOPEN v2.16 Drivers, Middleware and Examples},
   url =	{http://www.nxp.com/products/microcontrollers-and-processors/arm-processors/lpc-cortex-m-mcus/software-tools/lpcopen-libraries-and-examples:LPC-OPEN-LIBRARIES},
   note =	{Disponible: 2016-06-25},
 }
 
@MISC{contrib,
	author =	{{Savannah}},
	title =	{lwIP - A Lightweight TCP/IP stack},
	url =	{http://git.savannah.gnu.org/cgit/lwip/lwip-contrib.git},
	note =	{Disponible: 2016-06-25},
 }

@MISC{webserver,
	author =	{{Savannah}},
	title =	{lwIP - Wiki - Sample Web Server},
	url =	{ http://lwip.wikia.com/wiki/Sample_Web_Server},
	note =	{Disponible: 2016-06-25}
 } 
 


@MISC{sensor_pH,
   author =	{dfRobot},
   title =	{PH meter(SKU: SEN0161)},
   url =	{http://www.dfrobot.com/wiki/index.php?title=PH_meter(SKU:_SEN0161)},
   note =	{Disponible: 2016-06-25},
}

@misc{rfc2616,
	series =	{Request for Comments},
	number=		2616,
	howpublished=	{RFC 2616},
	publisher =	{RFC Editor},
	doi =		{10.17487/rfc2616},
	url =		{https://rfc-editor.org/rfc/rfc2616.txt},
	author=		{Jeffrey Mogul and Larry M Masinter and Roy T. Fielding and Jim Gettys and Paul J. Leach and Tim Berners-Lee},
	title=		{{Hypertext Transfer Protocol -- HTTP/1.1}},
	pagetotal =	176,
	year =		2013,
	month =		3,
	day =		2,
	abstract =	{HTTP has been in use by the World-Wide Web global information initiative since 1990. This specification defines the protocol referred to as &quot;HTTP/1.1&quot;, and is an update to RFC 2068. [STANDARDS-TRACK]},
}

@misc{rfc3875,
	series =	{Request for Comments},
	number=		3875,
	howpublished=	{RFC 3875},
	publisher =	{RFC Editor},
	doi =		{10.17487/rfc3875},
	url =		{https://rfc-editor.org/rfc/rfc3875.txt},
	author=		{David Robinson},
	title=		{{The Common Gateway Interface (CGI) Version 1.1}},
	pagetotal =	36,
	year =		2013,
	month =		mar,
	day =		20,
	abstract =	{The Common Gateway Interface (CGI) is a simple interface for running external programs, software or gateways under an information server in a platform-independent manner. Currently, the supported information servers are HTTP servers.},
}

@misc{rfc7540,
	series =	{Request for Comments},
	number=		7540,
	howpublished=	{RFC 7540},
	publisher =	{RFC Editor},
	doi =		{10.17487/rfc7540},
	url =		{https://rfc-editor.org/rfc/rfc7540.txt},
	author=		{Mike Belshe and Roberto Peon and Martin Thomson},
	title=		{{Hypertext Transfer Protocol Version 2 (HTTP/2)}},
	pagetotal =	96,
	year =		2015,
	month =		nov,
	day =		18,
	abstract =	{This specification describes an optimized expression of the semantics of the Hypertext Transfer Protocol (HTTP), referred to as HTTP version 2 (HTTP/2). HTTP/2 enables a more efficient use of network resources and a reduced perception of latency by introducing header field compression and allowing multiple concurrent exchanges on the same connection. It also introduces unsolicited push of representations from servers to clients.},
}
